<?xml version="1.0" encoding="UTF-8"?><record xmlns="http://www.loc.gov/MARC21/slim" xmlns:cinclude="http://apache.org/cocoon/include/1.0" xmlns:zs="http://www.loc.gov/zing/srw/">
  <leader>00565nz  a2200145n  4500</leader>
  <controlfield tag="001">no2005009873</controlfield>
  <controlfield tag="003">DLC</controlfield>
  <controlfield tag="005">20050203052223.0</controlfield>
  <controlfield tag="008">050202n| acannaabn          |a aaa      </controlfield>
  <datafield tag="010" ind1=" " ind2=" ">
    <subfield code="a">no2005009873</subfield>
  </datafield>
  <datafield tag="035" ind1=" " ind2=" ">
    <subfield code="a">(OCoLC)oca06549549</subfield>
  </datafield>
  <datafield tag="040" ind1=" " ind2=" ">
    <subfield code="a">DLC-ON</subfield>
    <subfield code="b">eng</subfield>
    <subfield code="c">DLC-ON</subfield>
  </datafield>
  <datafield tag="100" ind1="1" ind2=" ">
    <subfield code="a">Mishra, Keshav</subfield>
  </datafield>
  <datafield tag="400" ind1="0" ind2=" ">
    <subfield code="a">Keshav Mishra</subfield>
  </datafield>
  <datafield tag="670" ind1=" " ind2=" ">
    <subfield code="a">Rapproachment across the Himalayas, 2004:</subfield>
    <subfield code="b">t.p. (Keshav Mishra) jkt. (Ph. D.; lect. in the Dept. of Medieval and Modern Hist., C.M.P. Degree Coll., Univ. of Allahabad; also serves as lect. in Govt. Post Grad. Coll., Gyanpur-Bhadohi, U.P.)</subfield>
  </datafield>
</record>